<?xml version='1.0' encoding='utf-8'?>
<record xmlns="http://www.loc.gov/MARC21/slim" xmlns:xsi="http://www.w3.org/2001/XMLSchema-instance">
  <leader>00000nacaa22003491a^4500</leader>
  <controlfield tag="001">002748124</controlfield>
  <controlfield tag="005">20150729161033.0</controlfield>
  <controlfield tag="006">m^^^^^^^^d^^^^^^^^</controlfield>
  <controlfield tag="007">cr^bn^---auaua</controlfield>
  <controlfield tag="008">940131m19629999miu^^^^^^^^^^s000^0^eng^d</controlfield>
  <datafield tag="035" ind1=" " ind2=" ">
    <subfield code="a">(RLIN)MIUV92-B43</subfield>
  </datafield>
  <datafield tag="035" ind1=" " ind2=" ">
    <subfield code="a">(OCoLC)704434041</subfield>
  </datafield>
  <datafield tag="040" ind1=" " ind2=" ">
    <subfield code="a">MiU-H</subfield>
    <subfield code="c">MiU-H</subfield>
    <subfield code="d">MiU-H</subfield>
  </datafield>
  <datafield tag="110" ind1="2" ind2=" ">
    <subfield code="a">University of Michigan.</subfield>
    <subfield code="b">Center for Chinese Studies.</subfield>
  </datafield>
  <datafield tag="245" ind1="1" ind2="0">
    <subfield code="a">[Center for Chinese Studies (University of Michigan) publications].</subfield>
  </datafield>
  <datafield tag="260" ind1=" " ind2=" ">
    <subfield code="a">[Ann Arbor, Mich. :</subfield>
    <subfield code="b">Center for Chinese Studies, University of Michigan,</subfield>
    <subfield code="c">&lt;1969- &gt;]</subfield>
  </datafield>
  <datafield tag="300" ind1=" " ind2=" ">
    <subfield code="a">0.4 linear ft.</subfield>
  </datafield>
  <datafield tag="555" ind1="0" ind2=" ">
    <subfield code="a">Finding aid in the library.</subfield>
  </datafield>
  <datafield tag="555" ind1="0" ind2=" ">
    <subfield code="a">Finding aid available via World Wide Web at URL: http://quod.lib.umich.edu/cgi/f/findaid/findaid-idx?c=bhlead&amp;idno=umich-bhl-9742</subfield>
  </datafield>
  <datafield tag="520" ind1=" " ind2=" ">
    <subfield code="a">Includes miscellaneous newsletters, student publications, calendars, bibliographies, and brochures. Also contains a set of monographs produced in various series by the center.</subfield>
  </datafield>
  <datafield tag="538" ind1=" " ind2=" ">
    <subfield code="a">Mode of access: Internet.</subfield>
  </datafield>
  <datafield tag="610" ind1="2" ind2="0">
    <subfield code="a">University of Michigan.</subfield>
    <subfield code="b">Center for Chinese Studies.</subfield>
  </datafield>
  <datafield tag="610" ind1="2" ind2="0">
    <subfield code="a">University of Michigan.</subfield>
    <subfield code="b">Center for Japanese Studies.</subfield>
  </datafield>
  <datafield tag="655" ind1=" " ind2="7">
    <subfield code="a">Newsletters.</subfield>
    <subfield code="2">ftamc</subfield>
  </datafield>
  <datafield tag="655" ind1=" " ind2="7">
    <subfield code="a">Student publications.</subfield>
    <subfield code="2">ftamc</subfield>
  </datafield>
  <datafield tag="655" ind1=" " ind2="7">
    <subfield code="a">Bibliographies.</subfield>
    <subfield code="2">ftamc</subfield>
  </datafield>
  <datafield tag="655" ind1=" " ind2="7">
    <subfield code="a">Brochures.</subfield>
    <subfield code="2">ftamc</subfield>
  </datafield>
  <datafield tag="655" ind1=" " ind2="7">
    <subfield code="a">Calendars.</subfield>
    <subfield code="2">aat</subfield>
  </datafield>
  <datafield tag="730" ind1="0" ind2=" ">
    <subfield code="a">Michigan abstracts of Chinese and Japanese works on Chinese history.</subfield>
  </datafield>
  <datafield tag="730" ind1="0" ind2=" ">
    <subfield code="a">Michigan classics in Chinese studies.</subfield>
  </datafield>
  <datafield tag="730" ind1="0" ind2=" ">
    <subfield code="a">Michigan monographs in Chinese studies.</subfield>
  </datafield>
  <datafield tag="730" ind1="0" ind2=" ">
    <subfield code="a">Michigan papers in Chinese studies.</subfield>
  </datafield>
  <datafield tag="730" ind1="0" ind2=" ">
    <subfield code="a">Occasional papers (University of Michigan. Center for Chinese Studies)</subfield>
  </datafield>
  <datafield tag="730" ind1="0" ind2=" ">
    <subfield code="a">Science, medicine, and technology in East Asia.</subfield>
  </datafield>
  <datafield tag="740" ind1="0" ind2=" ">
    <subfield code="a">CCS-CJS news.</subfield>
  </datafield>
  <datafield tag="740" ind1="0" ind2=" ">
    <subfield code="a">CCS-CJS news update.</subfield>
  </datafield>
  <datafield tag="740" ind1="0" ind2=" ">
    <subfield code="a">Dodder.</subfield>
  </datafield>
  <datafield tag="740" ind1="0" ind2=" ">
    <subfield code="a">Ta tzu pao.</subfield>
  </datafield>
  <datafield tag="740" ind1="0" ind2=" ">
    <subfield code="a">Voices.</subfield>
  </datafield>
  <datafield tag="856" ind1="4" ind2="2">
    <subfield code="3">Finding aid:</subfield>
    <subfield code="u">http://quod.lib.umich.edu/cgi/f/findaid/findaid-idx?c=bhlead&amp;idno=umich-bhl-9742</subfield>
  </datafield>
  <datafield tag="852" ind1="8" ind2=" ">
    <subfield code="a">MiU-H</subfield>
    <subfield code="b">BENT</subfield>
    <subfield code="h">9742 Bimu C26 2</subfield>
  </datafield>
  <datafield tag="997" ind1=" " ind2=" ">
    <subfield code="a">MARS</subfield>
  </datafield>
  <datafield tag="998" ind1=" " ind2=" ">
    <subfield code="c">MMM</subfield>
    <subfield code="s">9114</subfield>
  </datafield>
  <datafield tag="955" ind1=" " ind2=" ">
    <subfield code="b">BENT</subfield>
    <subfield code="p">39015071889914</subfield>
    <subfield code="z">Strange Friends v.1 by Jing-heng Ma</subfield>
  </datafield>
  <datafield tag="955" ind1=" " ind2=" ">
    <subfield code="b">BENT</subfield>
    <subfield code="p">39015071889922</subfield>
    <subfield code="z">Strange Friends v.2 by Jing-heng Ma</subfield>
  </datafield>
  <datafield tag="955" ind1=" " ind2=" ">
    <subfield code="b">BENT</subfield>
    <subfield code="p">39015071889930</subfield>
    <subfield code="z">Strange Friends v.3 by Jing-heng Ma</subfield>
  </datafield>
  <datafield tag="955" ind1=" " ind2=" ">
    <subfield code="b">BENT</subfield>
    <subfield code="p">39015071889948</subfield>
    <subfield code="z">Strange Friends by Jing-heng Ma</subfield>
  </datafield>
  <datafield tag="955" ind1=" " ind2=" ">
    <subfield code="b">BENT</subfield>
    <subfield code="p">39015071889955</subfield>
    <subfield code="z">A Great Wall by Jing-heng Ma</subfield>
  </datafield>
  <datafield tag="955" ind1=" " ind2=" ">
    <subfield code="b">BENT</subfield>
    <subfield code="p">39015071889963</subfield>
    <subfield code="z">The True Story of Ah Q by Jing-heng Ma</subfield>
  </datafield>
  <datafield tag="955" ind1=" " ind2=" ">
    <subfield code="b">BENT</subfield>
    <subfield code="p">39015071889971</subfield>
    <subfield code="z">The True Story of Ah Q by Jing-heng Ma</subfield>
  </datafield>
  <datafield tag="955" ind1=" " ind2=" ">
    <subfield code="b">BENT</subfield>
    <subfield code="p">39015071889989</subfield>
    <subfield code="z">Under the Bridge by Vivian Ling</subfield>
  </datafield>
  <datafield tag="955" ind1=" " ind2=" ">
    <subfield code="b">BENT</subfield>
    <subfield code="p">39015071889997</subfield>
    <subfield code="z">The Girl in Red by Vivian Ling</subfield>
  </datafield>
  <datafield tag="955" ind1=" " ind2=" ">
    <subfield code="b">BENT</subfield>
    <subfield code="p">39015071890003</subfield>
    <subfield code="z">The Coterminal Characteristics...by Dernberger and Hartwell</subfield>
  </datafield>
  <datafield tag="955" ind1=" " ind2=" ">
    <subfield code="b">BENT</subfield>
    <subfield code="p">39015071890011</subfield>
    <subfield code="z">Chinese Language Patterns...by Jing-heng Ma, part 1</subfield>
  </datafield>
  <datafield tag="955" ind1=" " ind2=" ">
    <subfield code="b">BENT</subfield>
    <subfield code="p">39015071890029</subfield>
    <subfield code="z">Chinese Language Patterns...by Jing-heng Ma, part 2</subfield>
  </datafield>
  <datafield tag="955" ind1=" " ind2=" ">
    <subfield code="b">BENT</subfield>
    <subfield code="p">39015071890037</subfield>
    <subfield code="z">Hebei Province...ed. by Louis Putterman</subfield>
  </datafield>
  <datafield tag="955" ind1=" " ind2=" ">
    <subfield code="b">BENT</subfield>
    <subfield code="p">39015071890045</subfield>
    <subfield code="z">Getting Around in Chinese by Hilda Tao</subfield>
  </datafield>
  <datafield tag="955" ind1=" " ind2=" ">
    <subfield code="b">BENT</subfield>
    <subfield code="p">39015071890052</subfield>
    <subfield code="z">Research Guide to People's Daily Editorials, 1949-1975 by Oksenberg and Henderson</subfield>
  </datafield>
  <datafield tag="955" ind1=" " ind2=" ">
    <subfield code="b">BENT</subfield>
    <subfield code="p">39015071890060</subfield>
    <subfield code="z">Yuan Drama</subfield>
  </datafield>
  <datafield tag="955" ind1=" " ind2=" ">
    <subfield code="b">BENT</subfield>
    <subfield code="p">39015071890078</subfield>
    <subfield code="z">"On the Reliability of Industria Output Data of Communist China" by Kang Chao</subfield>
  </datafield>
  <datafield tag="955" ind1=" " ind2=" ">
    <subfield code="b">BENT</subfield>
    <subfield code="p">39015071890086</subfield>
    <subfield code="z">The Conventions and Craft of Yuan Drama by James Crump</subfield>
  </datafield>
  <datafield tag="955" ind1=" " ind2=" ">
    <subfield code="b">BENT</subfield>
    <subfield code="p">39015071890094</subfield>
    <subfield code="z">"Modern" China? by Albert Feuerwerker</subfield>
  </datafield>
  <datafield tag="955" ind1=" " ind2=" ">
    <subfield code="b">BENT</subfield>
    <subfield code="p">39015071890102</subfield>
    <subfield code="z">Review of D.C. Twitchett, "Financial Administration under the T'ang Dynasty" by Ying-shih Yu</subfield>
  </datafield>
  <datafield tag="955" ind1=" " ind2=" ">
    <subfield code="b">BENT</subfield>
    <subfield code="p">39015071890110</subfield>
    <subfield code="z">"China Return" by Richard Solomon</subfield>
  </datafield>
  <datafield tag="955" ind1=" " ind2=" ">
    <subfield code="b">BENT</subfield>
    <subfield code="p">39015071890128</subfield>
    <subfield code="z">The Economic Heritage by Alexander Eckstein</subfield>
  </datafield>
  <datafield tag="955" ind1=" " ind2=" ">
    <subfield code="b">BENT</subfield>
    <subfield code="p">39015071890136</subfield>
    <subfield code="z">Traditionalism and Colonialism...by Rhoads Murphey</subfield>
  </datafield>
  <datafield tag="955" ind1=" " ind2=" ">
    <subfield code="b">BENT</subfield>
    <subfield code="p">39015071890144</subfield>
    <subfield code="z">Economic Development and Political Change in Communist Systems by Alexander Eckstein</subfield>
  </datafield>
  <datafield tag="955" ind1=" " ind2=" ">
    <subfield code="b">BENT</subfield>
    <subfield code="p">39015071890151</subfield>
    <subfield code="z">The Ming Tribute Grain System by Hoshi Ayao</subfield>
  </datafield>
  <datafield tag="955" ind1=" " ind2=" ">
    <subfield code="b">BENT</subfield>
    <subfield code="p">39015071890169</subfield>
    <subfield code="z">Commerce and Society in Sung China by Shiba Yoshinobu</subfield>
  </datafield>
  <datafield tag="955" ind1=" " ind2=" ">
    <subfield code="b">BENT</subfield>
    <subfield code="p">39015071890177</subfield>
    <subfield code="z">Commerce and Society in Sung China by Shiba Yoshinobu</subfield>
  </datafield>
  <datafield tag="955" ind1=" " ind2=" ">
    <subfield code="b">BENT</subfield>
    <subfield code="p">39015071890185</subfield>
    <subfield code="z">Transport in Transition...trans. by Andrew Watson</subfield>
  </datafield>
  <datafield tag="955" ind1=" " ind2=" ">
    <subfield code="b">BENT</subfield>
    <subfield code="p">39015071890193</subfield>
    <subfield code="z">Japanese Perspectives on China's Early Modernization by K.H. Kim</subfield>
  </datafield>
  <datafield tag="955" ind1=" " ind2=" ">
    <subfield code="b">BENT</subfield>
    <subfield code="p">39015071890201</subfield>
    <subfield code="z">The Silk Industry in Ch'ing China by Shih Min-hsiung</subfield>
  </datafield>
  <datafield tag="955" ind1=" " ind2=" ">
    <subfield code="b">BENT</subfield>
    <subfield code="p">39015071890219</subfield>
    <subfield code="z">The Pawnshop in China by T.S. Whelan</subfield>
  </datafield>
  <datafield tag="955" ind1=" " ind2=" ">
    <subfield code="b">BENT</subfield>
    <subfield code="p">39015071890227</subfield>
    <subfield code="z">The Chinese Economy, 1912-1949 by Albert Feuerwerker</subfield>
  </datafield>
  <datafield tag="955" ind1=" " ind2=" ">
    <subfield code="b">BENT</subfield>
    <subfield code="p">39015071890235</subfield>
    <subfield code="z">The Cultural Revolution 1967 in Review by Oksenberg et al.</subfield>
  </datafield>
  <datafield tag="955" ind1=" " ind2=" ">
    <subfield code="b">BENT</subfield>
    <subfield code="p">39015071890243</subfield>
    <subfield code="z">Two Studies in Chinese Literature by Li Chi and Dale Johnson</subfield>
  </datafield>
  <datafield tag="955" ind1=" " ind2=" ">
    <subfield code="b">BENT</subfield>
    <subfield code="p">39015071890250</subfield>
    <subfield code="z">Early Communist China...by Suleski and Bays</subfield>
  </datafield>
  <datafield tag="955" ind1=" " ind2=" ">
    <subfield code="b">BENT</subfield>
    <subfield code="p">39015071890268</subfield>
    <subfield code="z">The Chinese Economy, ca. 1870-1911 by Albert Feuerwerker</subfield>
  </datafield>
  <datafield tag="955" ind1=" " ind2=" ">
    <subfield code="b">BENT</subfield>
    <subfield code="p">39015071890276</subfield>
    <subfield code="z">Chinese Paintings...by E.J. Laing</subfield>
  </datafield>
  <datafield tag="955" ind1=" " ind2=" ">
    <subfield code="b">BENT</subfield>
    <subfield code="p">39015071890284</subfield>
    <subfield code="z">The Treaty Ports and China's Modernization...by Rhoads Murphey</subfield>
  </datafield>
  <datafield tag="955" ind1=" " ind2=" ">
    <subfield code="b">BENT</subfield>
    <subfield code="p">39015071890292</subfield>
    <subfield code="z">Two Twelfth Century Texts on Chinese Painting by Robert Maeda</subfield>
  </datafield>
  <datafield tag="955" ind1=" " ind2=" ">
    <subfield code="b">BENT</subfield>
    <subfield code="p">39015071890300</subfield>
    <subfield code="z">The Economy of Communist China 1949-1969 by Chu-yuan Cheng</subfield>
  </datafield>
  <datafield tag="955" ind1=" " ind2=" ">
    <subfield code="b">BENT</subfield>
    <subfield code="p">39015071890318</subfield>
    <subfield code="z">Educated Youth and the Cultural Revolution in China by Martin Singer</subfield>
  </datafield>
  <datafield tag="955" ind1=" " ind2=" ">
    <subfield code="b">BENT</subfield>
    <subfield code="p">39015071890326</subfield>
    <subfield code="z">Premodern China...by Chun-Shu Chang</subfield>
  </datafield>
  <datafield tag="955" ind1=" " ind2=" ">
    <subfield code="b">BENT</subfield>
    <subfield code="p">39015071890334</subfield>
    <subfield code="z">Two Studies on Ming History by Charles Hucker</subfield>
  </datafield>
  <datafield tag="955" ind1=" " ind2=" ">
    <subfield code="b">BENT</subfield>
    <subfield code="p">39015071890342</subfield>
    <subfield code="z">Nineteenth Century China...sel. by Basu, ed. by Murphey</subfield>
  </datafield>
  <datafield tag="955" ind1=" " ind2=" ">
    <subfield code="b">BENT</subfield>
    <subfield code="p">39015071890359</subfield>
    <subfield code="z">Modern China, 1840-1972...by Andrew Nathan</subfield>
  </datafield>
  <datafield tag="955" ind1=" " ind2=" ">
    <subfield code="b">BENT</subfield>
    <subfield code="p">39015071890367</subfield>
    <subfield code="z">Women in China, ed. by Marilyn Young</subfield>
  </datafield>
  <datafield tag="955" ind1=" " ind2=" ">
    <subfield code="b">BENT</subfield>
    <subfield code="p">39015071890375</subfield>
    <subfield code="z">An Annotated Bibliography of Chinese Painting...by Hin-cheung Lovell</subfield>
  </datafield>
  <datafield tag="955" ind1=" " ind2=" ">
    <subfield code="b">BENT</subfield>
    <subfield code="p">39015071890383</subfield>
    <subfield code="z">China's Allocation of Fixed Capital...by Chu-yuan Cheng</subfield>
  </datafield>
  <datafield tag="955" ind1=" " ind2=" ">
    <subfield code="b">BENT</subfield>
    <subfield code="p">39015071890391</subfield>
    <subfield code="z">Health, Conflict, and the Chinese Political System by David Lampton</subfield>
  </datafield>
  <datafield tag="955" ind1=" " ind2=" ">
    <subfield code="b">BENT</subfield>
    <subfield code="p">39015071890409</subfield>
    <subfield code="z">Chinese and Japanese Music-Dramas, ed. by Crump and Malm</subfield>
  </datafield>
  <datafield tag="955" ind1=" " ind2=" ">
    <subfield code="b">BENT</subfield>
    <subfield code="p">39015071890417</subfield>
    <subfield code="z">Hsin-Lun...trans. by Pokora</subfield>
  </datafield>
  <datafield tag="955" ind1=" " ind2=" ">
    <subfield code="b">BENT</subfield>
    <subfield code="p">39015071890425</subfield>
    <subfield code="z">Rebellion in Nineteenth-Century China by Albert Feuerwerker</subfield>
  </datafield>
  <datafield tag="955" ind1=" " ind2=" ">
    <subfield code="b">BENT</subfield>
    <subfield code="p">39015071890433</subfield>
    <subfield code="z">Rebellion in Nineteenth-Century China by Albert Feuerwerker</subfield>
  </datafield>
  <datafield tag="955" ind1=" " ind2=" ">
    <subfield code="b">BENT</subfield>
    <subfield code="p">39015071890441</subfield>
    <subfield code="z">"Proletarian Hegemony"...by S. Thomas</subfield>
  </datafield>
  <datafield tag="955" ind1=" " ind2=" ">
    <subfield code="b">BENT</subfield>
    <subfield code="p">39015071890458</subfield>
    <subfield code="z">Chinese Communist Materials...by Donovan, Dorris, Sullivan</subfield>
  </datafield>
  <datafield tag="955" ind1=" " ind2=" ">
    <subfield code="b">BENT</subfield>
    <subfield code="p">39015071890466</subfield>
    <subfield code="z">Shanghai...Banks...1800-1935 by Andrea McElderry</subfield>
  </datafield>
  <datafield tag="955" ind1=" " ind2=" ">
    <subfield code="b">BENT</subfield>
    <subfield code="p">39015071890474</subfield>
    <subfield code="z">The Sian Incident...by Tien-wei Wu</subfield>
  </datafield>
  <datafield tag="955" ind1=" " ind2=" ">
    <subfield code="b">BENT</subfield>
    <subfield code="p">39015071890482</subfield>
    <subfield code="z">State and Society in Eighteenth-Century China...by Albert Feuerwerker</subfield>
  </datafield>
  <datafield tag="955" ind1=" " ind2=" ">
    <subfield code="b">BENT</subfield>
    <subfield code="p">39015071890490</subfield>
    <subfield code="z">Intellectual Ferment...Taiwan...by Mab Huang</subfield>
  </datafield>
  <datafield tag="955" ind1=" " ind2=" ">
    <subfield code="b">BENT</subfield>
    <subfield code="p">39015071890508</subfield>
    <subfield code="z">The Foreign Establishment in China...by Albert Feuerwerker</subfield>
  </datafield>
  <datafield tag="955" ind1=" " ind2=" ">
    <subfield code="b">BENT</subfield>
    <subfield code="p">39015071890516</subfield>
    <subfield code="z">A Translation of Lao Tzu's Tao Te Ching and Wang Pi's Commentary by Paul Lin</subfield>
  </datafield>
  <datafield tag="955" ind1=" " ind2=" ">
    <subfield code="b">BENT</subfield>
    <subfield code="p">39015071890524</subfield>
    <subfield code="z">A Translation of Lao Tzu's Tao Te Ching and Wang Pi's Commentary by Paul Lin</subfield>
  </datafield>
  <datafield tag="955" ind1=" " ind2=" ">
    <subfield code="b">BENT</subfield>
    <subfield code="p">39015071890532</subfield>
    <subfield code="z">Economic Trends in...China, 1912-1949 by Albert Feuerwerker</subfield>
  </datafield>
  <datafield tag="955" ind1=" " ind2=" ">
    <subfield code="b">BENT</subfield>
    <subfield code="p">39015071890540</subfield>
    <subfield code="z">Chang Ch'un-Ch'iao and Shanghai's January Revolution by Andrew Walder</subfield>
  </datafield>
  <datafield tag="955" ind1=" " ind2=" ">
    <subfield code="b">BENT</subfield>
    <subfield code="p">39015071890557</subfield>
    <subfield code="z">Central Documents and Politburo Politics...by Kenneth Lieberthal</subfield>
  </datafield>
  <datafield tag="955" ind1=" " ind2=" ">
    <subfield code="b">BENT</subfield>
    <subfield code="p">39015071890565</subfield>
    <subfield code="z">The Ming Dynasty by Charles Hucker</subfield>
  </datafield>
  <datafield tag="955" ind1=" " ind2=" ">
    <subfield code="b">BENT</subfield>
    <subfield code="p">39015071890573</subfield>
    <subfield code="z">Double Jeopardy...by Ching-Hsi Perng</subfield>
  </datafield>
  <datafield tag="955" ind1=" " ind2=" ">
    <subfield code="b">BENT</subfield>
    <subfield code="p">39015071890581</subfield>
    <subfield code="z">Chinese Domestic Politics and Foreign Policy...by Allen Whiting</subfield>
  </datafield>
  <datafield tag="955" ind1=" " ind2=" ">
    <subfield code="b">BENT</subfield>
    <subfield code="p">39015071890599</subfield>
    <subfield code="z">Shanghai, 1925...by Nicholas Clifford</subfield>
  </datafield>
  <datafield tag="955" ind1=" " ind2=" ">
    <subfield code="b">BENT</subfield>
    <subfield code="p">39015071890607</subfield>
    <subfield code="z">Voices from Afar...by Irene Eber</subfield>
  </datafield>
  <datafield tag="955" ind1=" " ind2=" ">
    <subfield code="b">BENT</subfield>
    <subfield code="p">39015071890615</subfield>
    <subfield code="z">Mao Zedong's [talks]...by Bonnie McDougall</subfield>
  </datafield>
  <datafield tag="955" ind1=" " ind2=" ">
    <subfield code="b">BENT</subfield>
    <subfield code="p">39015071890623</subfield>
    <subfield code="z">Yuarn Music Dramas...by Dale Johnson</subfield>
  </datafield>
  <datafield tag="955" ind1=" " ind2=" ">
    <subfield code="b">BENT</subfield>
    <subfield code="p">39015071890631</subfield>
    <subfield code="z">Proclaiming Harmony, trans. by William Hennessey</subfield>
  </datafield>
  <datafield tag="955" ind1=" " ind2=" ">
    <subfield code="b">BENT</subfield>
    <subfield code="p">39015071890649</subfield>
    <subfield code="z">A Song for One or Two...by Kenneth DeWoskin</subfield>
  </datafield>
  <datafield tag="955" ind1=" " ind2=" ">
    <subfield code="b">BENT</subfield>
    <subfield code="p">39015071890656</subfield>
    <subfield code="z">The Economic Development of Manchuria...by Kang Chao</subfield>
  </datafield>
  <datafield tag="955" ind1=" " ind2=" ">
    <subfield code="b">BENT</subfield>
    <subfield code="p">39015071890664</subfield>
    <subfield code="z">A Bibliography of Chinese-Language Materials on the People's Communes by Wei-yi Ma</subfield>
  </datafield>
  <datafield tag="955" ind1=" " ind2=" ">
    <subfield code="b">BENT</subfield>
    <subfield code="p">39015071890672</subfield>
    <subfield code="z">Between Two Plenums...by Ellis Joffe</subfield>
  </datafield>
  <datafield tag="955" ind1=" " ind2=" ">
    <subfield code="b">BENT</subfield>
    <subfield code="p">39015071890680</subfield>
    <subfield code="z">Chinese...History...Song to 1900, ed. by Albert Feuerwerker</subfield>
  </datafield>
  <datafield tag="955" ind1=" " ind2=" ">
    <subfield code="b">BENT</subfield>
    <subfield code="p">39015071890698</subfield>
    <subfield code="z">China's Universities by Suzanne Pepper</subfield>
  </datafield>
  <datafield tag="955" ind1=" " ind2=" ">
    <subfield code="b">BENT</subfield>
    <subfield code="p">39015071890706</subfield>
    <subfield code="z">Songs from Xanadu by J. Crump</subfield>
  </datafield>
  <datafield tag="955" ind1=" " ind2=" ">
    <subfield code="b">BENT</subfield>
    <subfield code="p">39015071890714</subfield>
    <subfield code="z">Social Organization in South China, 1911-1949 by Yuen-fong Woon</subfield>
  </datafield>
  <datafield tag="955" ind1=" " ind2=" ">
    <subfield code="b">BENT</subfield>
    <subfield code="p">39015071890722</subfield>
    <subfield code="z">Labor and the Chinese Revolution by S. Thomas</subfield>
  </datafield>
  <datafield tag="955" ind1=" " ind2=" ">
    <subfield code="b">BENT</subfield>
    <subfield code="p">39015071890730</subfield>
    <subfield code="z">Soviet Studies of Premodern China, ed. by Gilbert Rozman</subfield>
  </datafield>
  <datafield tag="955" ind1=" " ind2=" ">
    <subfield code="b">BENT</subfield>
    <subfield code="p">39015071890748</subfield>
    <subfield code="z">Career Patterns in the Ch'ing Dynasty by Chu and Saywell</subfield>
  </datafield>
  <datafield tag="955" ind1=" " ind2=" ">
    <subfield code="b">BENT</subfield>
    <subfield code="p">39015071890755</subfield>
    <subfield code="z">Individualism and Holism...ed. by Donald Munro</subfield>
  </datafield>
  <datafield tag="955" ind1=" " ind2=" ">
    <subfield code="b">BENT</subfield>
    <subfield code="p">39015071890763</subfield>
    <subfield code="z">Educational Reform...by Marianne Bastid</subfield>
  </datafield>
  <datafield tag="955" ind1=" " ind2=" ">
    <subfield code="b">BENT</subfield>
    <subfield code="p">39015071890771</subfield>
    <subfield code="z">The Red Spears, 1916-1949 by Tai Hsuan-chih</subfield>
  </datafield>
  <datafield tag="955" ind1=" " ind2=" ">
    <subfield code="b">BENT</subfield>
    <subfield code="p">39015071890789</subfield>
    <subfield code="z">Paths to Power...by David Lampton</subfield>
  </datafield>
  <datafield tag="955" ind1=" " ind2=" ">
    <subfield code="b">BENT</subfield>
    <subfield code="p">39015071890797</subfield>
    <subfield code="z">Citizens and Groups in Contemporary China, ed. by Victor Falkenheim</subfield>
  </datafield>
  <datafield tag="955" ind1=" " ind2=" ">
    <subfield code="b">BENT</subfield>
    <subfield code="p">39015071890805</subfield>
    <subfield code="z">Exiles at Home...trans. by Lucien Miller</subfield>
  </datafield>
  <datafield tag="955" ind1=" " ind2=" ">
    <subfield code="b">BENT</subfield>
    <subfield code="p">39015071890813</subfield>
    <subfield code="z">Geographical Sources of Ming-Qing History by Timothy Brook</subfield>
  </datafield>
  <datafield tag="955" ind1=" " ind2=" ">
    <subfield code="b">BENT</subfield>
    <subfield code="p">39015071890821</subfield>
    <subfield code="z">Geographical Sources of Ming-Qing History by Timothy Brook</subfield>
  </datafield>
  <datafield tag="955" ind1=" " ind2=" ">
    <subfield code="b">BENT</subfield>
    <subfield code="p">39015071890839</subfield>
    <subfield code="z">The Mandarin and the Cadre by Lucian Pye</subfield>
  </datafield>
  <datafield tag="955" ind1=" " ind2=" ">
    <subfield code="b">BENT</subfield>
    <subfield code="p">39015071890847</subfield>
    <subfield code="z">Nourish the People by Will and Wong</subfield>
  </datafield>
  <datafield tag="955" ind1=" " ind2=" ">
    <subfield code="b">BENT</subfield>
    <subfield code="p">39015071890854</subfield>
    <subfield code="z">Taoist Meditation...ed. by Livia Kohn</subfield>
  </datafield>
  <datafield tag="955" ind1=" " ind2=" ">
    <subfield code="b">BENT</subfield>
    <subfield code="p">39015071890862</subfield>
    <subfield code="z">Chinese Theater...by J. I. Crump</subfield>
  </datafield>
  <datafield tag="955" ind1=" " ind2=" ">
    <subfield code="b">BENT</subfield>
    <subfield code="p">39015071890870</subfield>
    <subfield code="z">Chinese Theater...by J. I. Crump (Chinese version)</subfield>
  </datafield>
  <datafield tag="955" ind1=" " ind2=" ">
    <subfield code="b">BENT</subfield>
    <subfield code="p">39015071890888</subfield>
    <subfield code="z">In the Voice of Others by Joseph Allen</subfield>
  </datafield>
  <datafield tag="955" ind1=" " ind2=" ">
    <subfield code="b">BENT</subfield>
    <subfield code="p">39015071890896</subfield>
    <subfield code="z">Song-Poems from Xanadu by J. I. Crump</subfield>
  </datafield>
  <datafield tag="955" ind1=" " ind2=" ">
    <subfield code="b">BENT</subfield>
    <subfield code="p">39015071890904</subfield>
    <subfield code="z">Classifying the Zhuangzi chapters by Liu Xiaogan</subfield>
  </datafield>
  <datafield tag="955" ind1=" " ind2=" ">
    <subfield code="b">BENT</subfield>
    <subfield code="p">39015071890912</subfield>
    <subfield code="z">Tao Qian and the Chinese Poetic Tradition by Charles Yim-tze Kwong</subfield>
  </datafield>
  <datafield tag="955" ind1=" " ind2=" ">
    <subfield code="b">BENT</subfield>
    <subfield code="p">39015071890920</subfield>
    <subfield code="z">Pearl from the Dragon's Mouth by Cecile Chu-chin Sun</subfield>
  </datafield>
  <datafield tag="955" ind1=" " ind2=" ">
    <subfield code="b">BENT</subfield>
    <subfield code="p">39015071890938</subfield>
    <subfield code="z">Painting and Calligraphy...by Sewall Oertling</subfield>
  </datafield>
  <datafield tag="955" ind1=" " ind2=" ">
    <subfield code="b">BENT</subfield>
    <subfield code="p">39015071890946</subfield>
    <subfield code="z">Controlling from Afar by Jane Kate Leonard</subfield>
  </datafield>
  <datafield tag="955" ind1=" " ind2=" ">
    <subfield code="b">BENT</subfield>
    <subfield code="p">39015071890953</subfield>
    <subfield code="z">Studies in the Economic History...by Albert Feuerwerker</subfield>
  </datafield>
  <datafield tag="955" ind1=" " ind2=" ">
    <subfield code="b">BENT</subfield>
    <subfield code="p">39015071890961</subfield>
    <subfield code="z">The Chinese Economy...by Albert Feuerwerker</subfield>
  </datafield>
  <datafield tag="955" ind1=" " ind2=" ">
    <subfield code="b">BENT</subfield>
    <subfield code="p">39015071890979</subfield>
    <subfield code="z">The Imperial Style of Inquiry...by Donald Munro</subfield>
  </datafield>
  <datafield tag="955" ind1=" " ind2=" ">
    <subfield code="b">BENT</subfield>
    <subfield code="p">39015071890987</subfield>
    <subfield code="z">Conflicting Counsels...by Helen Dunstan</subfield>
  </datafield>
  <datafield tag="955" ind1=" " ind2=" ">
    <subfield code="b">BENT</subfield>
    <subfield code="p">39015071890995</subfield>
    <subfield code="z">A Guide to Chinese Literature by Idema and Haft</subfield>
  </datafield>
  <datafield tag="955" ind1=" " ind2=" ">
    <subfield code="b">BENT</subfield>
    <subfield code="p">39015071891001</subfield>
    <subfield code="z">Chinese letterkunde by Idema and Haft (in German)</subfield>
  </datafield>
  <datafield tag="955" ind1=" " ind2=" ">
    <subfield code="b">BENT</subfield>
    <subfield code="p">39015071891019</subfield>
    <subfield code="z">The Matrix of Lyric Transformation by Zong-qi Cai</subfield>
  </datafield>
  <datafield tag="955" ind1=" " ind2=" ">
    <subfield code="b">BENT</subfield>
    <subfield code="p">39015071891027</subfield>
    <subfield code="z">An Index to Reproductions of Paintings...by Ellen Laing</subfield>
  </datafield>
  <datafield tag="955" ind1=" " ind2=" ">
    <subfield code="b">BENT</subfield>
    <subfield code="p">39015071891035</subfield>
    <subfield code="z">Chan-kuo Ts'e by J. I. Crump</subfield>
  </datafield>
  <datafield tag="955" ind1=" " ind2=" ">
    <subfield code="b">BENT</subfield>
    <subfield code="p">39015071891043</subfield>
    <subfield code="z">Constructing China...ed. by Lieberthal, Lin, Young</subfield>
  </datafield>
  <datafield tag="955" ind1=" " ind2=" ">
    <subfield code="b">BENT</subfield>
    <subfield code="p">39015071891050</subfield>
    <subfield code="z">Appropriation and Representation by Shuhui Yang</subfield>
  </datafield>
  <datafield tag="955" ind1=" " ind2=" ">
    <subfield code="b">BENT</subfield>
    <subfield code="p">39015071891068</subfield>
    <subfield code="z">Reform and Revolution...by Joseph Esherick</subfield>
  </datafield>
  <datafield tag="955" ind1=" " ind2=" ">
    <subfield code="b">BENT</subfield>
    <subfield code="p">39015071891076</subfield>
    <subfield code="z">Peking Politics...by Andrew Nathan</subfield>
  </datafield>
  <datafield tag="955" ind1=" " ind2=" ">
    <subfield code="b">BENT</subfield>
    <subfield code="p">39015071891084</subfield>
    <subfield code="z">Mao's Revolution...by Richard Solomon</subfield>
  </datafield>
  <datafield tag="955" ind1=" " ind2=" ">
    <subfield code="b">BENT</subfield>
    <subfield code="p">39015071891092</subfield>
    <subfield code="z">Legends of the Warring States by J. I. Crump</subfield>
  </datafield>
  <datafield tag="955" ind1=" " ind2=" ">
    <subfield code="b">BENT</subfield>
    <subfield code="p">39015071891100</subfield>
    <subfield code="z">God of the Dao by Livia Kohn</subfield>
  </datafield>
  <datafield tag="955" ind1=" " ind2=" ">
    <subfield code="b">BENT</subfield>
    <subfield code="p">39015071891118</subfield>
    <subfield code="z">Sui-Tang Chang'an...by Victor Xiong</subfield>
  </datafield>
  <datafield tag="955" ind1=" " ind2=" ">
    <subfield code="b">BENT</subfield>
    <subfield code="p">39015071891126</subfield>
    <subfield code="z">Chen Jiongming and the Federalist Movement by Leslie Chen</subfield>
  </datafield>
  <datafield tag="955" ind1=" " ind2=" ">
    <subfield code="b">BENT</subfield>
    <subfield code="p">39015071891134</subfield>
    <subfield code="z">Swallow and Settlers by Gottschang and Lary</subfield>
  </datafield>
  <datafield tag="955" ind1=" " ind2=" ">
    <subfield code="b">BENT</subfield>
    <subfield code="p">39015071891142</subfield>
    <subfield code="z">Peony Pavilion Onstage by Catherine Swatek</subfield>
  </datafield>
  <datafield tag="955" ind1=" " ind2=" ">
    <subfield code="b">BENT</subfield>
    <subfield code="p">39015071891159</subfield>
    <subfield code="z">A Glossary...by Dale Johnson</subfield>
  </datafield>
  <datafield tag="955" ind1=" " ind2=" ">
    <subfield code="b">BENT</subfield>
    <subfield code="p">39015071891167</subfield>
    <subfield code="z">Radicalism and its Demise by Bradley Geisert</subfield>
  </datafield>
  <datafield tag="955" ind1=" " ind2=" ">
    <subfield code="b">BENT</subfield>
    <subfield code="p">39015071891175</subfield>
    <subfield code="z">Christianity in Rural China by Alan Sweeten</subfield>
  </datafield>
  <datafield tag="955" ind1=" " ind2=" ">
    <subfield code="b">BENT</subfield>
    <subfield code="p">39015071891183</subfield>
    <subfield code="z">Screening China by Yingjin Zhang</subfield>
  </datafield>
  <datafield tag="955" ind1=" " ind2=" ">
    <subfield code="b">BENT</subfield>
    <subfield code="p">39015071891191</subfield>
    <subfield code="z">The Chinese Garden...by Xiao Chi</subfield>
  </datafield>
  <datafield tag="955" ind1=" " ind2=" ">
    <subfield code="b">BENT</subfield>
    <subfield code="p">39015071891209</subfield>
    <subfield code="z">Art &amp; Aesthetics...by Ellen Laing</subfield>
  </datafield>
  <datafield tag="955" ind1=" " ind2=" ">
    <subfield code="b">BENT</subfield>
    <subfield code="p">39015071891217</subfield>
    <subfield code="z">Shih-Shuo Hsin-Yu by Liu I-ch'ing</subfield>
  </datafield>
  <datafield tag="955" ind1=" " ind2=" ">
    <subfield code="b">BENT</subfield>
    <subfield code="p">39015071891225</subfield>
    <subfield code="z">China's Revolutions...ed. by Martin Whyte</subfield>
  </datafield>
  <datafield tag="955" ind1=" " ind2=" ">
    <subfield code="b">BENT</subfield>
    <subfield code="p">39015071891233</subfield>
    <subfield code="z">Defining Modernity, ed. by Terry Bodenhorn</subfield>
  </datafield>
  <datafield tag="955" ind1=" " ind2=" ">
    <subfield code="b">BENT</subfield>
    <subfield code="p">39015071891241</subfield>
    <subfield code="z">The Dianshizhai Pictorial by Ye Xiaoqing</subfield>
  </datafield>
  <datafield tag="955" ind1=" " ind2=" ">
    <subfield code="b">BENT</subfield>
    <subfield code="p">39015071891258</subfield>
    <subfield code="z">Salt and State by Cecilia Chien</subfield>
  </datafield>
  <datafield tag="955" ind1=" " ind2=" ">
    <subfield code="b">BENT</subfield>
    <subfield code="p">39015071891266</subfield>
    <subfield code="z">Banner Legacy by Yoshiki Enatsu</subfield>
  </datafield>
  <datafield tag="955" ind1=" " ind2=" ">
    <subfield code="b">BENT</subfield>
    <subfield code="p">39015071891274</subfield>
    <subfield code="z">The Washing Away of Wrongs by Sung Tz'u</subfield>
  </datafield>
  <datafield tag="955" ind1=" " ind2=" ">
    <subfield code="b">BENT</subfield>
    <subfield code="p">39015071891308</subfield>
    <subfield code="z">The Tower of Myriad Mirrors by Tung Yueh</subfield>
  </datafield>
  <datafield tag="955" ind1=" " ind2=" ">
    <subfield code="b">BENT</subfield>
    <subfield code="p">39015071891316</subfield>
    <subfield code="z">The World Around the Chinese Artist by Richard Edwards</subfield>
  </datafield>
  <datafield tag="955" ind1=" " ind2=" ">
    <subfield code="b">BENT</subfield>
    <subfield code="p">39015071891324</subfield>
    <subfield code="z">The Concept of Man in Contemporary China by Donald Munro</subfield>
  </datafield>
  <datafield tag="955" ind1=" " ind2=" ">
    <subfield code="b">BENT</subfield>
    <subfield code="p">39015071891332</subfield>
    <subfield code="z">The Chinese Calculus of Difference...by Allen Whiting</subfield>
  </datafield>
  <datafield tag="955" ind1=" " ind2=" ">
    <subfield code="b">BENT</subfield>
    <subfield code="p">39015071891340</subfield>
    <subfield code="z">Pan Chao: Foremost Woman...by Nancy Swann</subfield>
  </datafield>
  <datafield tag="955" ind1=" " ind2=" ">
    <subfield code="b">BENT</subfield>
    <subfield code="p">39015071891357</subfield>
    <subfield code="z">The Concept of Man in Early China by Donald Munro</subfield>
  </datafield>
  <datafield tag="955" ind1=" " ind2=" ">
    <subfield code="b">BENT</subfield>
    <subfield code="p">39015071891365</subfield>
    <subfield code="z">Exiles at Home...trans. by Lucien Miller</subfield>
  </datafield>
  <datafield tag="955" ind1=" " ind2=" ">
    <subfield code="b">BENT</subfield>
    <subfield code="p">39015071891373</subfield>
    <subfield code="z">The Chinese..(1991 edition).ed. by Dernberger, DeWoskin, Goldstein, Murphey, Whyte</subfield>
  </datafield>
  <datafield tag="955" ind1=" " ind2=" ">
    <subfield code="b">BENT</subfield>
    <subfield code="p">39015071891381</subfield>
    <subfield code="z">The Chinese..(1991 edition) Study Guide by Thomas Buoye</subfield>
  </datafield>
  <datafield tag="955" ind1=" " ind2=" ">
    <subfield code="b">BENT</subfield>
    <subfield code="p">39015071891399</subfield>
    <subfield code="z">The Chinese..(1986 edition).ed. by Dernberger, DeWoskin, Goldstein, Murphey, Whyte</subfield>
  </datafield>
  <datafield tag="955" ind1=" " ind2=" ">
    <subfield code="b">BENT</subfield>
    <subfield code="p">39015071891407</subfield>
    <subfield code="z">The Chinese..(1986 edition) Study Guide by Thomas Buoye</subfield>
  </datafield>
  <datafield tag="955" ind1=" " ind2=" ">
    <subfield code="b">BENT</subfield>
    <subfield code="p">39015071891415</subfield>
    <subfield code="z">China...ed. by Buoye, Denton, Dickson, Naughton, Whyte</subfield>
  </datafield>
  <datafield tag="955" ind1=" " ind2=" ">
    <subfield code="b">BENT</subfield>
    <subfield code="p">39015071891423</subfield>
    <subfield code="z">China...Study Guide by Thomas Buoye</subfield>
  </datafield>
  <datafield tag="955" ind1=" " ind2=" ">
    <subfield code="b">BENT</subfield>
    <subfield code="p">39015071891431</subfield>
    <subfield code="z">Chan-kuo Ts'e...Index by Fidler and Crump</subfield>
  </datafield>
</record>
